<?xml version="1.0" encoding="UTF-8"?><collection xmlns="http://www.loc.gov/MARC21/slim"><record><leader>00370nam--2200133-i-4500</leader><controlfield tag="001">000001074</controlfield><controlfield tag="002">20161230</controlfield><controlfield tag="005">20161230201024</controlfield><controlfield tag="008">060222s1000------------r-----000-0-eng-d</controlfield><datafield ind1=" " ind2=" " tag="080"><subfield code="a">519.852(043)</subfield></datafield><datafield ind1=" " ind2=" " tag="100"><subfield code="a">Gondran, Michel</subfield></datafield><datafield ind1=" " ind2=" " tag="245"><subfield code="a">Problemes combinatoires et programmation en nombres entiers</subfield></datafield><datafield ind1=" " ind2=" " tag="260"><subfield code="a">Paris, L Universite De Paris Vi, 1974./Dif.P.</subfield></datafield><datafield ind1=" " ind2=" " tag="852"><subfield code="a">44840</subfield></datafield></record></collection>